LDR  00979-am  2200265 a 4504
001  UCIb10108877
005  19970523000000.0
008  870908s1987    gau      b    00110 eng  
010       $a 87024807
020       $a 0865542848 (alk. paper) : $c $29.95 (est.)
035       $a 40010887
040       $a DLC $c DLC $d CU-I
090       $a BD241 $b .C644 1987
100  10   $a Corrington, Robert S., $d 1950-
245  14   $a The community of interpreters : $b on the hermeneutics of nature and the Bible in the American philosophical tradition / $c by Robert S. Corrington
260  0    $a Macon, GA : $b Mercer, $c c1987
300       $a xiii, 109 p. ; $c 24 cm
440   0   $a Studies in American biblical hermeneutics ; $v 3
500       $a UCI:  DROP INCOMING 852 AND ALL 9XX FIELDS (04/04).
630  00   $a Bible $x Criticism, interpretation, etc. $x History
650   0   $a Philosophy of nature $x History
650   0   $a Hermeneutics $x History
852       $a IRB $b main $j BD241 .C644 1987
899       $a O $b 16755498 $c CUI
901       $a IRB $b 10108877

Record 3
