LDR  00930-am  2200277   4504
001  UCIb10113940
005  19961007000000.0
008  701030s1970    nyu          ü00000 eng  
010       $a 77122249
020       $a 030853214
035       $a 40011394
040       $a DLC $c DLC $d CU-I
090       $a BD450 $b .H26
100  10   $a Hanna, Thomas, $d 1928-
245  10   $a Bodies in revolt; $b a primer in somatic thinking
250       $a [1st ed.]
260  0    $a New York, $b Holt, Rinehart and Winston $c [1970]
300       $a 308 p. $c 22 cm
500       $a UCI:  UNKNOWN LOCATION CODE IN INCOMING 852 $b; OUTPUT LOCATION CODE IN 852 AND CREATE 998 ERROR FIELD (04/04).
650   0   $a Human beings
650   0   $a Mind and body
650   0   $a Technology and civilization
852       $a IRB $b badloccode $j BD450 .H26
899       $a O $b 98193 $c CUI
901       $a IRB $b 10113940
998       $a IRB $b 1003 $c Record contains the unknown location code badloccode $d Release-027-000 $e 10113940

Record 5
