LDR  01255-am  2200325Ii 4504
001  UCIb10151539
005  19921024000000.0
008  770406s1976    enkde         00110 eng d
020       $a 0416819109
035       $a 40015153
040       $a na $c na $d CU-I
050       $a BF353 (050) $b .L44
060       $a BF353 (060) $b .L44
086       $a BF353 (086) $b .L44
090       $a BF353 (090) $b .L44
096       $a BF353 (096) $b .L44
099       $a BF353 (099 1st $a) $a .L44 (2nd $a) $a 1976 (3rd $a)
100  10   $a Lee, Terence, $d 1924-
245  10   $a Psychology and the environment / $c Terence Lee
260  0    $a London : $b Methuen, $c 1976
300       $a 143 p. : $b charts, plans ; $c 19 cm
490  0    $a Essential psychology ; F5
500       $a UCI MONO:  REC HAS 099, 090, 050, 096, 060, 086; TAKE CALL NUM FROM 099.  099 HAS MULTIPLE $a'S - CONCATENATE THE $a'S WITH A BLANK SPACE BETWEEN EACH PART AND OUTPUT IN SINGLE 852 $j IN EACH 852 CREATED (04/04).
504       $a Bibliography : p. 139-143
650   0   $a Environmental psychology
650   0   $a Architecture $x Psychological aspects
852       $a IRB $b main $j BF353 (099 1st $a) .L44 (2nd $a) 1976 (3rd $a)
852       $a IRB $b mainx $j BF353 (099 1st $a) .L44 (2nd $a) 1976 (3rd $a)
899       $a O $b 2863704 $c CUI
901       $a IRB $b 10151539

Record 10
