LDR  00816-am  2200265 a 4504
001  UCIb10262416
005  19970618000000.0
008  870526s1986    enkaf    b    00010 eng  
010       $a 87143600
020       $z 09070524274 (pbk.) : $c ¹8.90
035       $a 40026241
040       $a DLC $c DLC $d CU-I
100  00   $a Afzal-ur-Rahman
245  10   $a Role of Muslim women in society / $c Afzalur Rahman
250       $a 1st ed
260  0    $a London : $b Seerah Foundation, $c 1986
300       $a xii, 433 p., [2] p. of plates : $b ill. ; $c 22 cm
500       $a UCI MONO:  NO INPUT CALL NUM FIELDS; DO NOT OUTPUT ANY 852 $h, $i, OR $j (04/04).
504       $a Bibliography: p. 430-433
650   0   $a Women in Islam
650   0   $a Women in the Koran
650   0   $a Muslim women
852       $a IRB $b main
899       $a O $b 17954613 $c CUI
901       $a IRB $b 10262416

Record 16
