LDR  01534-as  2200361Ia 4504
001  UCIb11930445
005  20030501000000.0
008  900222u19869999mdu x1        0   a0eng  
010       $a 90648211 //r91
022  0    $a 1049-0957
040       $a DLC $c DLC $d NSD $d DLC $d CUI
042       $a lc $a nsdp
043       $a n-us---
090       $a JX1391 $b .P35
210  0    $a Pap. pres. transit. foreign policy.
222   0   $a Papers on presidential transitions and foreign policy.
245  00   $a Papers on presidential transitions and foreign policy.
246  10   $a Presidential transitions and foreign policy.
246  10   $a Papers on presidential transitions in foreign policy.
260       $a Lanham : $b University Press of America, $c c1986-
300       $a v. ; $c 22 cm.
310       $a Irregular.
362  0    $a Vol. 1-
500       $a UCI SER:  TYPE = "a", BIBLVL = "s": 1ST 852 HAS CALL NUM IN $j - OUTPUT IN 852 $j; 2ND 852 HAS CALL NUM IN 852 $h $i - OUTPUT IN 852 $h $i (04/04).
550       $a Issued in cooperation with: White Burkett Miller Center of Public Affairs.
651   0   $a United States $x Foreign relations $y 20th century $x Philosophy $x Periodicals.
650   0   $a International relations $x Periodicals.
650   0   $a Presidents $z United States $x Transition periods $x Periodicals.
650   0   $a World politics $y 20th century $x Philosophy $x Periodicals.
710  20   $a White Burkett Miller Center.
852       $a IRB $b srlf $j JX 1391 P35 (852$j) $3 v. 1-9 1986-1993.
852       $a IRB $b main $h JX 1391 (852$h) $i P35 ($i) $3 v. 1-9 1986-1993.
901       $a IRB $b 11930445

Record 18
