LDR  01376-ab  2200397 a 4504
001  UCIb12043576
005  20020307000000.0
008  900326d198819uunyuar1        0   a0eng d
010       $a 90662164 //r94 $z sn 90002682
022  0    $a 1049-622X
035       $a .b12043576
040       $a NSD $c NSD $d DLC $d OCL $d NST $d NSD $d DLC $d CUI
042       $a nsdp $a lc
043       $a n-us---
050  00   $a LB2367.4 $b .C73
130  0    $a Cracking the system. $p GRE.
210  0    $a Crack. syst., GRE.
212  0    $a Graduate record exam.
222   0   $a Cracking the system. The GRE.
245  00   $a Cracking the system. $p The GRE.
246  10   $a GRE.
260       $a New York : $b Villard Books, $c 1988-
265       $a Random House, 201 E. 50th St., New York, NY 10022.
300       $a v. : $b ill. ; $c 28 cm.
310       $a Annual.
362  0    $a 1st ed.-
500       $a UCI SERIAL:  TYPE = "a", BIBLVL = "b": 1ST 852 HAS HOLDINGS IN $3 , OUTPUT IN $3 ; 2ND 852 HAS NO $3 , DO NOT OUTPUT ANY $3 (04/04).
500       $a Editors: Adam Robinson, John Katzman.
650   0   $a Graduate Record Examination $x Study guides $x Periodicals.
700  1    $a Robinson, Adam.
700  1    $a Katzman, John.
710  2    $a Princeton Review (Firm)
785  00   $t Cracking the GRE $x 1062-5534 $w (DLC)   96646753 $w (OCoLC)25663169.
852       $a IRB $b mabpr $j LB 2367.4 C73 $3 ed. 1 1988.
852       $a IRB $b mainx $j LB 2367.4 C78.
901       $a IRB $b 12043576

Record 19
