LDR  01372-as  2200277Ia 4504
001  UCIb12847215
005  19951217000000.0
008  810126d19551955it zr m       1   b0mul d
040       $a CLU $c CLU $d IUL $d COO $d m/c $d CUI
090       $a PN863 $b .I5
110  2    $a International Comparative Literature Association.
245  10   $a Atti del ... congresso dell'Associazione internazionale di letteratura comparata.
246  12   $a Venezia nelle letterature moderne.
260       $a Venezia : $b Istituto per la collaborazione italiana, $c [1961]
300       $a 1 v. ; $c 23 cm.
310       $a Quadrennial.
362  0    $a 1o (25-30 sett. 1955)
440   0   $a Civiltáa veneziana. $p Studi ; $v 8.
500       $a UCI:  852 HAS 2 $k'S - OUTPUT BOTH; 3 $m'S, OUTPUT ALL; 2 $x'S, OUTPUT BOTH; 2 $z'S, OUTPUT BOTH (04/04).
650   0   $a Literature, Comparative $x Congresses.
610  20   $a International Comparative Literature Association $x Congresses.
710  21   $a International Comparative Literature Association. $t Venezia nelle letterature moderne.
760  0    $t Civiltáa veneziana. Studi.
785  00   $a International Comparative Literature Association. $t Proceedings of the ... congress of the International Comparative Literature Association $w (OCoLC)1771699.
852       $a IRB $b mabpr $j PN 863 1955 $k FIRST k $k SECOND k $m SUBFLDM1 $m SUBFLDM2 $m SUBFLDM3 $x SUBFLDX1 $x SUBFLDX2 $z SUBFLDZ1 $z SUBFLDZ2
901       $a IRB $b 12847215

Record 20
