LDR  01979-as  2200445u  4504
001  UCIb13777543
005  20030907000000.0
008  750901d19221990FI qr p           a0eng d
009  11-05-91
010       $a 25005128 //r91
019       $a 1293766 $a 2261107 $a 2446923
022       $a 0069-6609 $y 0358-9307 $y 0788-5717
030       $a CPHMAU
035       $a 40770
040       $a MUL $c MUL $d COO $d UCU $d YUS $d IUL $d NYG $d m.c. $d OCL $d WAU $d DLC $d NSD $d AIP $d DLC $d m/c $d NST $d OCL $d NST $d DLC $d PIT $d ELM $d DLC $d HUL $d CUI
041  0    $a enggerswe
042       $a lc
090       $a Q 60.2 F555
098       $n ov=.b1012231x
210  0    $a Commentat. phys.-math., Soc. Sci. Fenn.
222   0   $a Commentationes physico-mathematicae, Societas Scientiarum Fennica.
245  00   $a Commentationes physico-mathematicae / $c Societas Scientiarum Fennica.
260       $a [Helsingfors] : $b Societas, $c 1922-1990.
300       $a 120 v. : $b ill. ; $c 24 cm.
310       $a Quarterly.
362  0    $a T. 1-120.
500       $a UCI:  852 HAS 2 $f'S, 2 $s'S - OUTPUT ALL; 2 $l'S (EL), 2 $n'S, 2 $q'S, 2 $t'S - OUTPUT THE 1ST (04/04).
515       $a Some nos. are combined.
515       $a Some nos. for 1980-1990 also called: Commentationes physico-mathematicae. Dissertationes.
546       $a English, German, or Swedish.
650   0   $a Physics $x Periodicals.
650   0   $a Science $x Periodicals.
650   0   $a Mathematics $x Periodicals.
710  20   $a Suomen Tiedeseura.
730  00   $a Commentationes physico-mathematicae. Dissertationes $x 0358-9307.
762  0    $t Commentationes physico-mathematicae. Dissertationes $x 0358-9307 $g 1980- $w (OCoLC)8191871.
780  00   $a Suomen Tiedeseura. $t èOfversigt af Finska vetenskaps-sociatetens fèorhandlingar $w (DLC)   68046126 $w (OCoLC)1772999.
785  00   $t Commentationes physico-mathematicae et chemico-medicae $x 0788-5717 $w (OCoLC)23247632 $w (DLC)   91644024.
852       $a IRB $b sldrm $f SUBF1 $f SUBF2 $j Q 60.2 F555 $l SUBL1 $n SUBN1 $q SUBQ1 $s SUBS1 $s SUBS2 $t SUBT1 $3 Bd. 15 1950 92-99 1988.
901       $a IRB $b 13777543

Record 21
