LDR  01043-as  2200265Ia 4504
001  UCIb15518735
005  19951217000000.0
008  921027d19811981cauuu    r    0   a0eng d
040       $a CUI $c CUI
043       $a n-us-ca
090       $a HF5430.4.C2 $b L67
245  00   $a Los Angeles shopping center directory.
246  10   $a Shopping center directory.
246  13   $a Los Angeles shopping centers.
260       $a Los Angeles, CA : $b Los Angeles Times, Marketing Research Dept., $c 1981.
300       $a 1 v. : $b maps ; $c 23 x 31 cm.
362  0    $a 1981-1981.
500       $a UCI:  RECORD HAS 2 852'S WITH DUPLICATE LOC CODES; DO NOT DEDUP, OUTPUT BOTH (04/04).
500       $a Title from cover.
650   0   $a Shopping centers $z California, Southern $x Directories.
710  20   $a Los Angeles Times (Firm). $b Marketing Research Dept.
785  00   $t Southern California shopping center directory $w (DLC)sn 92017310 $w (OCoLC)25182779.
852       $a IRB $b mabpr $j HF 5430.4 C2 L67 $3 (year) 1981.
852       $a IRB $b mabpr $j HF 5430.4 C2 L67 (1982) $3 (year) 1982.
901       $a IRB $b 15518735

Record 22
