LDR  01084-ms  2200229Ia 4504
001  UCIb66666666
005  20041000000000.0
008  921027d19811981cauuu    r    0   a0eng d
040       $a CUI $c CUI
043       $a n-us-ca
090       $a DB222.3 $b J44
245  00   $a Test title one.
260       $a Los Angeles, CA : $b Los Angeles Times, Marketing Research Dept., $c 1981.
300       $a 55 v. : $b maps ; $c 23 x 31 cm.
362  0    $a 1981-1981.
500       $a UCI:  SERIAL (TYPE IS m, BIBLEVEL IS s); TAKE CALL NUMBER FROM 852 FIELDS ONLY.
500       $a CHECK OUTPUT OF ALL 852 SUBFIELDS.
500       $a Title from cover.
650   0   $a Shopping centers $z California, Southern $x Directories.
852       $a IRB $b sput $c Civet $c Calico $e Ermine $e Elephant $f Feline $f Flamingo $g Godzilla $g Goldfish $h Harpseal $i Iguana $i IrishSetter $j Box 1 $k Kangaroo $k Koala $l Lemming $m Mothra $m Monkey $m Mouse $n Nile Crocodile $p Parakeet $q Quail $s Silverfish $s Spider $t Toad $x XsubOne $x XsubTwo $x XsubThree $z Zebra $z Zorro's horse $3 v.1-10
852       $a IRB $b govpb $j Box 7899 $m Latest in Randy's office. $x Gift of secret donor. $3 volumes 1-3
901       $a IRB $b 66666666

Record 23
