LDR  01049-am  2200205Ia 4504
001  UCIb88888888
005  19981217000000.0
008  921027d19811981cauuu    r    0   a0eng d
090       $a BR199.9 $b M33
245  00   $a Test title TWO.
260       $a Los Angeles, CA : $b Los Angeles Times, Marketing Research Dept., $c 1981.
300       $a 11 p. : $b maps ; $c 2 x 2 cm.
500       $a UCI:  MONO (TYPE IS a, BIBLEVEL IS m); TAKE CALL NUMBER FROM BIB RECORD ONLY
500       $a CHECK OUTPUT OF ALL 852 SUBFIELDS.
500       $a Title from cover.
650   0   $a Shopping centers $z California, Southern $x Directories.
852       $a IRB $b eabpr $c Civet $c Calico $e Ermine $e Elephant $f Feline $f Flamingo $g Godzilla $g Goldfish $j BR199.9 M33 $k Kangaroo $k Koala $l Lemming $m Mothra $m Monkey $m Mouse $n Nile Crocodile $p Parakeet $q Quail $s Silverfish $s Spider $t Toad $x XsubOne $x XsubTwo $x XsubThree $z Zebra $z Zorro's horse $3 v.1-10
852       $a IRB $b spxt $j BR199.9 M33 $p 400566411 $x Gift of secret donor. $3 volumes 1-3
852       $a IRB $b mabpr $j BR199.9 M33 $x XNOTE one $x XNOTE two $z ZNOTE one $z ZNOTE two
901       $a IRB $b 88888888

Record 24
