LDR  01788-ai  2200421 a 4500
001  UCIb27441088
005  20060623000000.0
007  cr un---------
007  cr unu
008  920915c19909999enksr p       0    0eng  
010       $a 92656221
022       $a 0962-8452 $y 0080-4649
035       $a (SFXObjID)954925580128
035       $a SCP26606430
040       $a DLC $c DLC $d NST $d NYG $d DLC $d WAU $d HUL $d IUL $d DLC $d NLM $d AGL $d OCL $d CUS $d OCL $d MYG $d CUS
042       $a lc
090       $a Q 41 L7 Ser.B
210  0    $a Proc.-R. Soc. Lond., Biol. sci.
222   0   $a Proceedings - Royal Society.  Biological Sciences.
245  00   $a Proceedings. $p Biological sciences / $c The Royal Society.
246  10   $a Biological sciences.
246  13   $a Proceedings of the Royal Society of London. $p Series B.
260       $a London : $b The Society,
265       $a Publication Sales and Marketing Manager, The Royal Society, 6 Carlton House Terrace, London SW1Y 5AG.
300       $a v. : $b ill. ; $c 26 cm.
310       $a Twice monthly, $b 1998-
321       $a Monthly, $b 1990-1997.
362  0    $a Vol. 241, no. 1300 (23 July 1990)-
500       $a UCI PE: INTEGRATING RESOURCE - TYPE = 'a', BIBLVL = 'i'; OUTPUT AS SERIAL, DO NOT OUTPUT ERROR (07/06).
650   0   $a Biology $v Periodicals.
793  0    $a JSTOR online journals. $g m.
793  0    $a Royal Society (Great Britain) online journals $g a.
852       $a IRB $b net $z Available online. See Web site.
852       $a IRB $b slcpr $j Q 41 L7 Ser. B $z Latest issues retained until bound.
852       $a IRB $b sldrm $j Q 41 L7 Ser. B $3 v. 241- 1990-
856  41   $3 v.264(1997)- $z Royal Society. Restricted to UC campuses $u http://uclibs.org/PID/4586
856  41   $3 v.241(1990)- [Latest 5 years not available online] $z JSTOR. Restricted to UC campuses $u http://uclibs.org/PID/1983
901       $a IRB $b 27441088

Record 25
