LDR  01565-mi  2200421 a 4500
001  UCIb28386760
005  20060629000000.0
007  cr cnu        
008  880217c19889999cauwr1       s0uuua0eng d
010       $a 88644930  $z sn 88033151
022  0    $a 1041-2654
032       $a 002931 $b USPS
035       $a (SFXObjID)111032812854750
035       $a SCP17495761
040       $a CDL $c CDL $d CLU $d NYG $d NSD $d DLC $d CUS
042       $a lc $a nsdp
043       $a n-us-ca
050  00   $a KFC36 $b .C3
086       $a L375 $2 cadocs
210  0    $a Calif. regul. not. regist.
222   0   $a California regulatory notice register.
245  00   $a California regulatory notice register.
246  10   $a Regulatory notice register.
246  13   $a Z register.
260       $a Sacramento, CA : $b Office of Administrative Law, $c 1988-
265       $a Office of Administrative Law, 555 Capitol Mall, Suite 1290, Sacramento, CA  95814-4602.
300       $a v. ; $c 28 cm.
310       $a Weekly.
362  0    $a Register 88, no. 1-Z (1-1-88)-
500       $a UCI PE: INTEGRATING RESOURCE - TYPE = 'm', BIBLVL = 'i'; OUTPUT AS SERIAL, DO NOT OUTPUT ERROR (07/06).
650   0   $a Delegated legislation $z California $v Periodicals.
655   7   $a Online resources. $2 local.
793  0    $a Open access resource; selected by the UC Libraries. $p CalDocs online journals. $g a.
852       $a IRB $b net $z Available online. See Web site.
852       $a IRB $b mlref $j KFC 36 C3 $z Latest 2 years only.
852       $a IRB $b mrc $j KFC 36 C3 $z Latest 2 issues only.
856  41   $3 2002:July- $u http://uclibs.org/PID/8105
901       $a IRB $b 28386760

